@Misc{wimPaper,
title = {{High Throughput Filtering using FPGA-Acceleration}},
author = {{Wim Vanderbauwhede, Anton Frolov, Leif Azzopardi, Sai Rahul Chalamalasetti, Martin Margala}},
howpublished = "https://www.dropbox.com/s/y34d2kcd0hgi1r8/cikm1369-vanderbauwhede.pdf"
}