@inproceedings{Schneider:2003:CEM:1067807.1067848,
 author = {Schneider, Karl-Michael},
 title = {A Comparison of Event Models for Naive Bayes Anti-spam e-Mail Filtering},
 booktitle = {Proceedings of the Tenth Conference on European Chapter of the Association for Computational Linguistics - Volume 1},
 series = {EACL '03},
 year = {2003},
 isbn = {1-333-56789-0},
 location = {Budapest, Hungary},
 pages = {307--314},
 numpages = {8},
 url = {http://dx.doi.org/10.3115/1067807.1067848},
 doi = {10.3115/1067807.1067848},
 acmid = {1067848},
 publisher = {Association for Computational Linguistics},
 address = {Stroudsburg, PA, USA},
}

@inproceedings{mccallum1998comparison,
  title={A comparison of event models for naive bayes text classification},
  author={McCallum, Andrew and Nigam, Kamal and others},
  booktitle={AAAI-98 workshop on learning for text categorization},
  volume={752},
  pages={41--48},
  year={1998},
  organization={Citeseer}
}

@article{androutsopoulos2000evaluation,
  title={An evaluation of naive bayesian anti-spam filtering},
  author={Androutsopoulos, Ion and Koutsias, John and Chandrinos, Konstantinos V and Paliouras, George and Spyropoulos, Constantine D},
  journal={arXiv preprint cs/0006013},
  year={2000}
}

@article{bose2008false,
  title={On the false-positive rate of Bloom filters},
  author={Bose, Prosenjit and Guo, Hua and Kranakis, Evangelos and Maheshwari, Anil and Morin, Pat and Morrison, Jason and Smid, Michiel and Tang, Yihui},
  journal={Information Processing Letters},
  volume={108},
  number={4},
  pages={210--213},
  year={2008},
  publisher={Elsevier}
}

@inproceedings{vanderbauwhede2013high,
  title={High throughput filtering using FPGA-acceleration},
  author={Vanderbauwhede, Wim and Frolov, Anton and Azzopardi, Leif and Chalamalasetti, Sai Rahul and Margala, Martin},
  booktitle={Proceedings of the 22nd ACM international conference on Conference on information \& knowledge management},
  pages={1245--1248},
  year={2013},
  organization={ACM}
}

@incollection{peng2003combining,
  title={Combining naive Bayes and n-gram language models for text classification},
  author={Peng, Fuchun and Schuurmans, Dale},
  booktitle={Advances in Information Retrieval},
  pages={335--350},
  year={2003},
  publisher={Springer}
}

@inproceedings{chen2012invited,
  title={Invited paper: Using OpenCL to evaluate the efficiency of CPUS, GPUS and FPGAS for information filtering},
  author={Chen, Doris and Singh, Deshanand},
  booktitle={Field Programmable Logic and Applications (FPL), 2012 22nd International Conference on},
  pages={5--12},
  year={2012},
  organization={IEEE}
}

@article{androutsopoulos2000learning,
  title={Learning to filter spam e-mail: A comparison of a naive bayesian and a memory-based approach},
  author={Androutsopoulos, Ion and Paliouras, Georgios and Karkaletsis, Vangelis and Sakkis, Georgios and Spyropoulos, Constantine D and Stamatopoulos, Panagiotis},
  journal={arXiv preprint cs/0009009},
  year={2000}
}

@inproceedings{he2013massively,
  title={Massively Parallel Suffix Array Queries and On-Demand Phrase Extraction for Statistical Machine Translation Using GPUs},
  author={He, Hua and Lin, Jimmy and Lopez, Adam},
  booktitle={Proceedings of NAACL-HLT},
  pages={325--334},
  year={2013}
}

@article{broder2004network,
  title={Network applications of bloom filters: A survey},
  author={Broder, Andrei and Mitzenmacher, Michael},
  journal={Internet Mathematics},
  volume={1},
  number={4},
  pages={485--509},
  year={2004},
  publisher={Taylor \& Francis}
}

@Misc{HybridCPUFPGA,
    title = {{A Hybrid CPU-FPGA System for High Throughput (10Gb/s) Streaming Document Classification}},
    author = {{Wim Vanderbauwhede, Anton Frolov, Sai Rahul Chalamalasetti, and Martin Margala}}
}

@inproceedings{chalamalasetti2012evaluating,
  title={Evaluating FPGA-acceleration for real-time unstructured search},
  author={Chalamalasetti, S and Margala, Martin and Vanderbauwhede, Wim and Wright, Mitch and Ranganathan, Parthasarathy},
  booktitle={Performance Analysis of Systems and Software (ISPASS), 2012 IEEE International Symposium on},
  pages={200--209},
  year={2012},
  organization={IEEE}
}

@inproceedings{sahami1998bayesian,
  title={A Bayesian approach to filtering junk e-mail},
  author={Sahami, Mehran and Dumais, Susan and Heckerman, David and Horvitz, Eric},
  booktitle={Learning for Text Categorization: Papers from the 1998 workshop},
  volume={62},
  pages={98--105},
  year={1998}
}

@article{bloom1970space,
  title={Space/time trade-offs in hash coding with allowable errors},
  author={Bloom, Burton H},
  journal={Communications of the ACM},
  volume={13},
  number={7},
  pages={422--426},
  year={1970},
  publisher={ACM}
}

@inproceedings{metsis2006spam,
  title={Spam filtering with naive bayes-which naive bayes?},
  author={Metsis, Vangelis and Androutsopoulos, Ion and Paliouras, Georgios},
  booktitle={CEAS},
  pages={27--28},
  year={2006}
}

@article{fan2000summary,
  title={Summary cache: a scalable wide-area web cache sharing protocol},
  author={Fan, Li and Cao, Pei and Almeida, Jussara and Broder, Andrei Z},
  journal={IEEE/ACM Transactions on Networking (TON)},
  volume={8},
  number={3},
  pages={281--293},
  year={2000},
  publisher={IEEE Press}
}
